@article{hinton2002training,
  title={Training products of experts by minimizing contrastive divergence},
  author={Hinton, Geoffrey E},
  journal={Neural computation},
  volume={14},
  number={8},
  pages={1771--1800},
  year={2002},
  publisher={MIT Press}
}

@article{woodfordnotes,
  title={Notes on contrastive divergence},
  author={Woodford, Oliver },
  url={http://www.robots.ox.ac.uk/~ojw/files/NotesOnCD.pdf}
}


@article{zhang2013rbm,
  title="{Introduction of Ristricted Boltzmann Machines (Chinese)}",
  author={Zhang, Chun-Xia and Ji, Nan-Nan and Wang, Guan-Wei},
  year={2013},
  journal={www.paper.edu.cn}
}

@inproceedings{welling2004exponential,
  title={Exponential family harmoniums with an application to information retrieval},
  author={Welling, Max and Rosen-Zvi, Michal and Hinton, Geoffrey E},
  booktitle={Advances in neural information processing systems},
  pages={1481--1488},
  year={2004}
}

@article{hopfield1982neural,
	title={Neural networks and physical systems with emergent collective computational abilities},
	author={Hopfield, John J},
	journal={Proceedings of the national academy of sciences},
	volume={79},
	number={8},
	pages={2554--2558},
	year={1982},
	publisher={National Acad Sciences}
}

@article{arel2010deep,
  title={Deep machine learning-a new frontier in artificial intelligence research [research frontier]},
  author={Arel, Itamar and Rose, Derek C and Karnowski, Thomas P},
  journal={Computational Intelligence Magazine, IEEE},
  volume={5},
  number={4},
  pages={13--18},
  year={2010},
  publisher={IEEE}
}

@article{wu2015bias,
  title={Biasness of contrastive divergence in deep learning},
  author={Wu, Haijia and Zhang, Xiongwei and Sun, Meng and Yang, Jibin},
  journal={Journal of PLA University of Science and Technology (Natural Science Edition)},
  volume={16},
  number={3},
  pages={224--230},
  year={2015}
}

@article{diehlfast,
  title={Fast-Classifying, High-Accuracy Spiking Deep Networks Through Weight and Threshold Balancing},
  author={Diehl, Peter U and Neil, Daniel and Binas, Jonathan and Cook, Matthew and Liu, Shih-Chii and Pfeiffer, Michael}
}

@inproceedings{nair2010rectified,
  title={Rectified linear units improve restricted boltzmann machines},
  author={Nair, Vinod and Hinton, Geoffrey E},
  booktitle={Proceedings of the 27th International Conference on Machine Learning (ICML-10)},
  pages={807--814},
  year={2010}
}

@book{gerstner2002spiking,
	title={Spiking neuron models: Single neurons, populations, plasticity},
	author={Gerstner, Wulfram and Kistler, Werner M},
	year={2002},
	publisher={Cambridge university press}
}