@article{o2016deep,
	title={Deep spiking networks},
	author={O'Connor, Peter and Welling, Max},
	journal={arXiv preprint arXiv:1602.08323},
	year={2016}
}


@article{buesing2011neural,
  title={Neural dynamics as sampling: a model for stochastic computation in recurrent networks of spiking neurons},
  author={Buesing, Lars and Bill, Johannes and Nessler, Bernhard and Maass, Wolfgang},
  journal={PLoS Comput Biol},
  volume={7},
  number={11},
  pages={e1002211},
  year={2011},
  publisher={Public Library of Science}
}

@article{hunsberger2015spiking,
  title="{Spiking deep networks with LIF neurons}",
  author={Hunsberger, Eric and Eliasmith, Chris},
  //journal={arXiv preprint arXiv:1510.08829},
  journal={arXiv preprint},
  year={2015}
}


@article{diehl2016conversion,
  title={Conversion of Artificial Recurrent Neural Networks to Spiking Neural Networks for Low-power Neuromorphic Hardware},
  author={Diehl, Peter U and Zarrella, Guido and Cassidy, Andrew and Pedroni, Bruno U and Neftci, Emre},
  //journal={arXiv preprint arXiv:1601.04187},
  journal={arXiv preprint},
  year={2016}
}

@article{dugas2001incorporating,
  title={Incorporating second-order functional knowledge for better option pricing},
  author={Dugas, Charles and Bengio, Yoshua and B{\'e}lisle, Fran{\c{c}}ois and Nadeau, Claude and Garcia, Ren{\'e}},
  journal={Advances in neural information processing systems},
  pages={472--478},
  year={2001},
  publisher={MIT; 1998}
}

@inproceedings{glorot2011deep,
  title={Deep sparse rectifier neural networks},
  author={Glorot, Xavier and Bordes, Antoine and Bengio, Yoshua},
  booktitle={International Conference on Artificial Intelligence and Statistics},
  pages={315--323},
  year={2011}
}

@article{la2008response,
  title={The response of cortical neurons to in vivo-like input current: theory and experiment},
  author={La Camera, Giancarlo and Giugliano, Michele and Senn, Walter and Fusi, Stefano},
  journal={Biological cybernetics},
  volume={99},
  number={4-5},
  pages={279--301},
  year={2008},
  publisher={Springer}
}

@inproceedings{he2015delving,
  title="{Delving deep into rectifiers: Surpassing human-level performance on ImageNet classification}",
  author={He, Kaiming and Zhang, Xiangyu and Ren, Shaoqing and Sun, Jian},
  booktitle={Proceedings of the IEEE International Conference on Computer Vision},
  pages={1026--1034},
  year={2015}
}


@ARTICLE{liu2016bench,
  title={Benchmarking spike-based visual recognition: a dataset and evaluation},
  author={Liu, Qian and Pineda-Garc{\'\i}a, Garibaldi and Stromatias, Evangelos and Serrano-Gotarredona, Teresa and Furber, Steve B},
  journal={Frontiers in Neuroscience},
  volume={10},
  year={2016},
  publisher={Frontiers Media SA}
}



@article{srivastava2014dropout,
	title={Dropout: a simple way to prevent neural networks from overfitting.},
	author={Srivastava, Nitish and Hinton, Geoffrey E and Krizhevsky, Alex and Sutskever, Ilya and Salakhutdinov, Ruslan},
	journal={Journal of Machine Learning Research},
	volume={15},
	number={1},
	pages={1929--1958},
	year={2014}
}


@article{rauch2003neocortical,
	title="{Neocortical pyramidal cells respond as integrate-and-fire neurons to in vivo-like input currents}",
	author={Rauch, Alexander and La Camera, Giancarlo and L{\"u}scher, Hans-Rudolf and Senn, Walter and Fusi, Stefano},
	journal={Journal of neurophysiology},
	volume={90},
	number={3},
	pages={1598--1612},
	year={2003},
	publisher={Am Physiological Soc}
}
