@book{reece2011campbell,
  title={Campbell biology},
  author={Reece, Jane B and Urry, Lisa A and Cain, Michael L and Wasserman, Steven A and Minorsky, Peter V and Jackson, Robert B and others},
  year={2011},
  publisher={Pearson Boston}
}

@article{hubel1962receptive,
	title={Receptive fields, binocular interaction and functional architecture in the cat's visual cortex},
	author={Hubel, David H and Wiesel, Torsten N},
	journal={The Journal of physiology},
	volume={160},
	number={1},
	pages={106--154},
	year={1962},
	publisher={Wiley Online Library}
}