@book{konar1999artificial,
  title={Artificial intelligence and soft computing: behavioral and cognitive modeling of the human brain},
  author={Konar, Amit},
  year={1999},
  publisher={CRC press}
}

@article{silver2016mastering,
	title={Mastering the game of Go with deep neural networks and tree search},
	author={Silver, David and Huang, Aja and Maddison, Chris J and Guez, Arthur and Sifre, Laurent and Van Den Driessche, George and Schrittwieser, Julian and Antonoglou, Ioannis and Panneershelvam, Veda and Lanctot, Marc and others},
	journal={Nature},
	volume={529},
	number={7587},
	pages={484--489},
	year={2016},
	publisher={Nature Publishing Group}
}